@article{klapoetke2017ultra,
  title={Ultra-selective looming detection from radial motion opponency},
  author={Klapoetke, Nathan C and Nern, Aljoscha and Peek, Martin Y and Rogers, Edward M and Breads, Patrick and Rubin, Gerald M and Reiser, Michael B and Card, Gwyneth M},
  journal={Nature},
  volume={551},
  number={7679},
  pages={237--241},
  year={2017},
  publisher={Nature Publishing Group}
}

@article{ache2019neural,
  title={Neural basis for looming size and velocity encoding in the Drosophila giant fiber escape pathway},
  author={Ache, Jan M and Polsky, Jason and Alghailani, Shada and Parekh, Ruchi and Breads, Patrick and Peek, Martin Y and Bock, Davi D and von Reyn, Catherine R and Card, Gwyneth M},
  journal={Current Biology},
  volume={29},
  number={6},
  pages={1073--1081},
  year={2019},
  publisher={Elsevier}
}

@inproceedings{abadi2016tensorflow,
  title={Tensorflow: A system for large-scale machine learning},
  author={Abadi, Mart{\'\i}n and Barham, Paul and Chen, Jianmin and Chen, Zhifeng and Davis, Andy and Dean, Jeffrey and Devin, Matthieu and Ghemawat, Sanjay and Irving, Geoffrey and Isard, Michael and others},
  booktitle={12th $\{$USENIX$\}$ symposium on operating systems design and implementation ($\{$OSDI$\}$ 16)},
  pages={265--283},
  year={2016}
}

@article{mauss2015neural,
  title={Neural circuit to integrate opposing motions in the visual field},
  author={Mauss, Alex S and Pankova, Katarina and Arenz, Alexander and Nern, Aljoscha and Rubin, Gerald M and Borst, Alexander},
  journal={Cell},
  volume={162},
  number={2},
  pages={351--362},
  year={2015},
  publisher={Elsevier}
}

@article{wu2016visual,
  title={Visual projection neurons in the Drosophila lobula link feature detection to distinct behavioral programs},
  author={Wu, Ming and Nern, Aljoscha and Williamson, W Ryan and Morimoto, Mai M and Reiser, Michael B and Card, Gwyneth M and Rubin, Gerald M},
  journal={Elife},
  volume={5},
  pages={e21022},
  year={2016},
  publisher={eLife Sciences Publications Limited}
}

@article{maisak2013directional,
  title={A directional tuning map of Drosophila elementary motion detectors},
  author={Maisak, Matthew S and Haag, Juergen and Ammer, Georg and Serbe, Etienne and Meier, Matthias and Leonhardt, Aljoscha and Schilling, Tabea and Bahl, Armin and Rubin, Gerald M and Nern, Aljoscha and others},
  journal={Nature},
  volume={500},
  number={7461},
  pages={212--216},
  year={2013},
  publisher={Nature Publishing Group}
}

@article{card2008visually,
  title={Visually mediated motor planning in the escape response of Drosophila},
  author={Card, Gwyneth and Dickinson, Michael H},
  journal={Current Biology},
  volume={18},
  number={17},
  pages={1300--1307},
  year={2008},
  publisher={Elsevier}
}

@article{gabbiani1999computation,
  title={Computation of object approach by a wide-field, motion-sensitive neuron},
  author={Gabbiani, Fabrizio and Krapp, Holger G and Laurent, Gilles},
  journal={Journal of Neuroscience},
  volume={19},
  number={3},
  pages={1122--1141},
  year={1999},
  publisher={Soc Neuroscience}
}

@article{regan1978looming,
  title={Looming detectors in the human visual pathway},
  author={Regan, D and Beverley, KI},
  journal={Vision research},
  volume={18},
  number={4},
  pages={415--421},
  year={1978},
  publisher={Elsevier}
}

@article{temizer2015visual,
  title={A visual pathway for looming-evoked escape in larval zebrafish},
  author={Temizer, Incinur and Donovan, Joseph C and Baier, Herwig and Semmelhack, Julia L},
  journal={Current Biology},
  volume={25},
  number={14},
  pages={1823--1834},
  year={2015},
  publisher={Elsevier}
}

@article{sun1998computation,
  title={Computation of different optical variables of looming objects in pigeon nucleus rotundus neurons},
  author={Sun, Hongjin and Frost, Barrie J},
  journal={Nature neuroscience},
  volume={1},
  number={4},
  pages={296--303},
  year={1998},
  publisher={Nature Publishing Group}
}

@article{morimoto2020spatial,
  title={Spatial readout of visual looming in the central brain of Drosophila},
  author={Morimoto, Mai M and Nern, Aljoscha and Zhao, Arthur and Rogers, Edward M and Wong, Allan M and Isaacson, Mathew D and Bock, Davi D and Rubin, Gerald M and Reiser, Michael B},
  journal={Elife},
  volume={9},
  pages={e57685},
  year={2020},
  publisher={eLife Sciences Publications Limited}
}

@article{von2017feature,
  title={Feature integration drives probabilistic behavior in the Drosophila escape response},
  author={Von Reyn, Catherine R and Nern, Aljoscha and Williamson, W Ryan and Breads, Patrick and Wu, Ming and Namiki, Shigehiro and Card, Gwyneth M},
  journal={Neuron},
  volume={94},
  number={6},
  pages={1190--1204},
  year={2017},
  publisher={Elsevier}
}

@article{tanaka2019deep,
  title={From deep learning to mechanistic understanding in neuroscience: the structure of retinal prediction},
  author={Tanaka, Hidenori and Nayebi, Aran and Maheswaranathan, Niru and McIntosh, Lane and Baccus, Stephen A and Ganguli, Surya},
  journal={arXiv preprint arXiv:1912.06207},
  year={2019}
}

@article{muijres2014flies,
  title={Flies evade looming targets by executing rapid visually directed banked turns},
  author={Muijres, Florian T and Elzinga, Michael J and Melis, Johan M and Dickinson, Michael H},
  journal={Science},
  volume={344},
  number={6180},
  pages={172--177},
  year={2014},
  publisher={American Association for the Advancement of Science}
}

@article{deangelis2019manifold,
  title={The manifold structure of limb coordination in walking Drosophila},
  author={DeAngelis, Brian D and Zavatone-Veth, Jacob A and Clark, Damon A},
  journal={Elife},
  volume={8},
  pages={e46409},
  year={2019},
  publisher={eLife Sciences Publications Limited}
}

@article{de2012loom,
  title={Loom-sensitive neurons link computation to action in the Drosophila visual system},
  author={De Vries, Saskia EJ and Clandinin, Thomas R},
  journal={Current Biology},
  volume={22},
  number={5},
  pages={353--362},
  year={2012},
  publisher={Elsevier}
}

@article{sato2014role,
  title={Role of a looming-sensitive neuron in triggering the defense behavior of the praying mantis Tenodera aridifolia},
  author={Sato, Keiichiro and Yamawaki, Yoshifumi},
  journal={Journal of neurophysiology},
  volume={112},
  number={3},
  pages={671--682},
  year={2014},
  publisher={American Physiological Society Bethesda, MD}
}

@article{oliva2014computation,
  title={Computation of object approach by a system of visual motion-sensitive neurons in the crab Neohelice},
  author={Oliva, Dami{\'a}n and Tomsic, Daniel},
  journal={Journal of neurophysiology},
  volume={112},
  number={6},
  pages={1477--1490},
  year={2014},
  publisher={American Physiological Society Bethesda, MD}
}


@article{dunn2016neural,
  title={Neural circuits underlying visually evoked escapes in larval zebrafish},
  author={Dunn, Timothy W and Gebhardt, Christoph and Naumann, Eva A and Riegler, Clemens and Ahrens, Misha B and Engert, Florian and Del Bene, Filippo},
  journal={Neuron},
  volume={89},
  number={3},
  pages={613--628},
  year={2016},
  publisher={Elsevier}
}

@article{wu2005tectal,
  title={Tectal neurons signal impending collision of looming objects in the pigeon},
  author={Wu, Le-Qing and Niu, Yu-Qiong and Yang, Jin and Wang, Shu-Rong},
  journal={European Journal of Neuroscience},
  volume={22},
  number={9},
  pages={2325--2331},
  year={2005},
  publisher={Wiley Online Library}
}

@article{shang2015parvalbumin,
  title={A parvalbumin-positive excitatory visual pathway to trigger fear responses in mice},
  author={Shang, Congping and Liu, Zhihui and Chen, Zijun and Shi, Yingchao and Wang, Qian and Liu, Su and Li, Dapeng and Cao, Peng},
  journal={Science},
  volume={348},
  number={6242},
  pages={1472--1477},
  year={2015},
  publisher={American Association for the Advancement of Science}
}

@article{liu2011neuronal,
  title={Neuronal responses to looming objects in the superior colliculus of the cat},
  author={Liu, Yong-Jun and Wang, Qian and Li, Bing},
  journal={Brain, Behavior and Evolution},
  volume={77},
  number={3},
  pages={193--205},
  year={2011},
  publisher={Karger Publishers}
}


@article{king1992use,
  title={Use of a distracting task to obtain defensive head movements to looming visual stimuli by human adults in a laboratory setting},
  author={King, Sheila M and Dykeman, Caroline and Redgrave, Peter and Dean, Paul},
  journal={Perception},
  volume={21},
  number={2},
  pages={245--259},
  year={1992},
  publisher={SAGE Publications Sage UK: London, England}
}

@article{hervais2015looming,
  title={Looming sensitive cortical regions without V1 input: evidence from a patient with bilateral cortical blindness},
  author={Hervais-Adelman, Alexis and Legrand, Lore B and Zhan, Minye and Tamietto, Marco and de Gelder, Beatrice and Pegna, Alan J},
  journal={Frontiers in integrative neuroscience},
  volume={9},
  pages={51},
  year={2015},
  publisher={Frontiers}
}

@article{ball1971infant,
  title={Infant responses to impending collision: Optical and real},
  author={Ball, William and Tronick, Edward},
  journal={Science},
  volume={171},
  number={3973},
  pages={818--820},
  year={1971},
  publisher={American Association for the Advancement of Science}
}


@article{munch2009approach,
  title={Approach sensitivity in the retina processed by a multifunctional neural circuit},
  author={M{\"u}nch, Thomas A and Da Silveira, Rava Azeredo and Siegert, Sandra and Viney, Tim James and Awatramani, Gautam B and Roska, Botond},
  journal={Nature neuroscience},
  volume={12},
  number={10},
  pages={1308--1316},
  year={2009},
  publisher={Nature Publishing Group}
}

@article{bhattacharyya2017visual,
  title={Visual threat assessment and reticulospinal encoding of calibrated responses in larval zebrafish},
  author={Bhattacharyya, Kiran and McLean, David L and MacIver, Malcolm A},
  journal={Current Biology},
  volume={27},
  number={18},
  pages={2751--2762},
  year={2017},
  publisher={Elsevier}
}

@article{santer2005gliding,
  title={Gliding behaviour elicited by lateral looming stimuli in flying locusts},
  author={Santer, Roger D and Simmons, Peter J and Rind, F Claire},
  journal={Journal of Comparative Physiology A},
  volume={191},
  number={1},
  pages={61--73},
  year={2005},
  publisher={Springer}
}

@article{franke2016structures,
  title={Structures of neural correlation and how they favor coding},
  author={Franke, Felix and Fiscella, Michele and Sevelev, Maksim and Roska, Botond and Hierlemann, Andreas and da Silveira, Rava Azeredo},
  journal={Neuron},
  volume={89},
  number={2},
  pages={409--422},
  year={2016},
  publisher={Elsevier}
}

@article{zylberberg2016direction,
  title={Direction-selective circuits shape noise to ensure a precise population code},
  author={Zylberberg, Joel and Cafaro, Jon and Turner, Maxwell H and Shea-Brown, Eric and Rieke, Fred},
  journal={Neuron},
  volume={89},
  number={2},
  pages={369--383},
  year={2016},
  publisher={Elsevier}
}

@article{cafaro2020global,
  title={Global motion processing by populations of direction-selective retinal ganglion cells},
  author={Cafaro, Jon and Zylberberg, Joel and Field, Greg D},
  journal={Journal of Neuroscience},
  volume={40},
  number={30},
  pages={5807--5819},
  year={2020},
  publisher={Soc Neuroscience}
}

@article{takemura2017comprehensive,
  title={The comprehensive connectome of a neural substrate for ‘ON’motion detection in Drosophila},
  author={Takemura, Shin-ya and Nern, Aljoscha and Chklovskii, Dmitri B and Scheffer, Louis K and Rubin, Gerald M and Meinertzhagen, Ian A},
  journal={Elife},
  volume={6},
  pages={e24394},
  year={2017},
  publisher={eLife Sciences Publications Limited}
}

@article{hassenstein1956systemtheoretische,
  title={Systemtheoretische analyse der zeit-, reihenfolgen-und vorzeichenauswertung bei der bewegungsperzeption des r{\"u}sselk{\"a}fers chlorophanus},
  author={Hassenstein, Bernhard and Reichardt, Werner},
  journal={Zeitschrift f{\"u}r Naturforschung B},
  volume={11},
  number={9-10},
  pages={513--524},
  year={1956},
  publisher={De Gruyter}
}

@article{salazar2016direct,
  title={Direct measurement of correlation responses in Drosophila elementary motion detectors reveals fast timescale tuning},
  author={Salazar-Gatzimas, Emilio and Chen, Juyue and Creamer, Matthew S and Mano, Omer and Mandel, Holly B and Matulis, Catherine A and Pottackal, Joseph and Clark, Damon A},
  journal={Neuron},
  volume={92},
  number={1},
  pages={227--239},
  year={2016},
  publisher={Elsevier}
}

@article{zavatone2020minimal,
  title={A minimal synaptic model for direction selective neurons in Drosophila},
  author={Zavatone-Veth, Jacob A and Badwan, Bara A and Clark, Damon A},
  journal={Journal of vision},
  volume={20},
  number={2},
  pages={2--2},
  year={2020},
  publisher={The Association for Research in Vision and Ophthalmology}
}

@article{adelson1985spatiotemporal,
  title={Spatiotemporal energy models for the perception of motion},
  author={Adelson, Edward H and Bergen, James R},
  journal={Josa a},
  volume={2},
  number={2},
  pages={284--299},
  year={1985},
  publisher={Optical Society of America}
}

@article{stavenga2003angular,
  title={Angular and spectral sensitivity of fly photoreceptors. II. Dependence on facet lens F-number and rhabdomere type in Drosophila},
  author={Stavenga, DG},
  journal={Journal of Comparative Physiology A},
  volume={189},
  number={3},
  pages={189--202},
  year={2003},
  publisher={Springer}
}

@article{2020SciPy-NMeth,
  author  = {Virtanen, Pauli and Gommers, Ralf and Oliphant, Travis E. and
            Haberland, Matt and Reddy, Tyler and Cournapeau, David and
            Burovski, Evgeni and Peterson, Pearu and Weckesser, Warren and
            Bright, Jonathan and {van der Walt}, St{\'e}fan J. and
            Brett, Matthew and Wilson, Joshua and Millman, K. Jarrod and
            Mayorov, Nikolay and Nelson, Andrew R. J. and Jones, Eric and
            Kern, Robert and Larson, Eric and Carey, C J and
            Polat, {\.I}lhan and Feng, Yu and Moore, Eric W. and
            {VanderPlas}, Jake and Laxalde, Denis and Perktold, Josef and
            Cimrman, Robert and Henriksen, Ian and Quintero, E. A. and
            Harris, Charles R. and Archibald, Anne M. and
            Ribeiro, Ant{\^o}nio H. and Pedregosa, Fabian and
            {van Mulbregt}, Paul and {SciPy 1.0 Contributors}},
  title   = {{{SciPy} 1.0: Fundamental Algorithms for Scientific
            Computing in Python}},
  journal = {Nature Methods},
  year    = {2020},
  volume  = {17},
  pages   = {261--272},
  adsurl  = {https://rdcu.be/b08Wh},
  doi     = {10.1038/s41592-019-0686-2},
}

@article{drews2020dynamic,
  title={Dynamic signal compression for robust motion vision in flies},
  author={Drews, Michael S and Leonhardt, Aljoscha and Pirogova, Nadezhda and Richter, Florian G and Schuetzenberger, Anna and Braun, Lukas and Serbe, Etienne and Borst, Alexander},
  journal={Current Biology},
  volume={30},
  number={2},
  pages={209--221},
  year={2020},
  publisher={Elsevier}
}

@inproceedings{glorot2011deep,
  title={Deep sparse rectifier neural networks},
  author={Glorot, Xavier and Bordes, Antoine and Bengio, Yoshua},
  booktitle={Proceedings of the fourteenth international conference on artificial intelligence and statistics},
  pages={315--323},
  year={2011},
  organization={JMLR Workshop and Conference Proceedings}
}

@article{georgopoulos1986neuronal,
  title={Neuronal population coding of movement direction},
  author={Georgopoulos, Apostolos P and Schwartz, Andrew B and Kettner, Ronald E},
  journal={Science},
  volume={233},
  number={4771},
  pages={1416--1419},
  year={1986},
  publisher={American Association for the Advancement of Science}
}

@article{hanley1982meaning,
  title={The meaning and use of the area under a receiver operating characteristic (ROC) curve.},
  author={Hanley, James A and McNeil, Barbara J},
  journal={Radiology},
  volume={143},
  number={1},
  pages={29--36},
  year={1982}
}

@inproceedings{davis2006relationship,
  title={The relationship between Precision-Recall and ROC curves},
  author={Davis, Jesse and Goadrich, Mark},
  booktitle={Proceedings of the 23rd international conference on Machine learning},
  pages={233--240},
  year={2006}
}

@article{vogels1990population,
  title={Population coding of stimulus orientation by striate cortical cells},
  author={Vogels, Rufin},
  journal={Biological cybernetics},
  volume={64},
  number={1},
  pages={25--31},
  year={1990},
  publisher={Springer}
}

@article{pasupathy2002population,
  title={Population coding of shape in area V4},
  author={Pasupathy, Anitha and Connor, Charles E},
  journal={Nature neuroscience},
  volume={5},
  number={12},
  pages={1332--1338},
  year={2002},
  publisher={Nature Publishing Group}
}

@article{rind1996neural,
  title={Neural network based on the input organization of an identified neuron signaling impending collision},
  author={Rind, F Claire and Bramwell, DI},
  journal={Journal of neurophysiology},
  volume={75},
  number={3},
  pages={967--985},
  year={1996},
  publisher={American Physiological Society Bethesda, MD}
}

@article{olshausen1997sparse,
  title={Sparse coding with an overcomplete basis set: A strategy employed by V1?},
  author={Olshausen, Bruno A and Field, David J},
  journal={Vision research},
  volume={37},
  number={23},
  pages={3311--3325},
  year={1997},
  publisher={Elsevier}
}

@article{von2014spike,
  title={A spike-timing mechanism for action selection},
  author={Von Reyn, Catherine R and Breads, Patrick and Peek, Martin Y and Zheng, Grace Zhiyu and Williamson, W Ryan and Yee, Alyson L and Leonardo, Anthony and Card, Gwyneth M},
  journal={Nature neuroscience},
  volume={17},
  number={7},
  pages={962},
  year={2014},
  publisher={Nature Publishing Group}
}

@article{salay2018midline,
  title={A midline thalamic circuit determines reactions to visual threat},
  author={Salay, Lindsey D and Ishiko, Nao and Huberman, Andrew D},
  journal={Nature},
  volume={557},
  number={7704},
  pages={183--189},
  year={2018},
  publisher={Nature Publishing Group}
}

@article{yilmaz2013rapid,
  title={Rapid innate defensive responses of mice to looming visual stimuli},
  author={Yilmaz, Melis and Meister, Markus},
  journal={Current Biology},
  volume={23},
  number={20},
  pages={2011--2015},
  year={2013},
  publisher={Elsevier}
}




